@misc{chemistry_libretexts_2020, title={Hess's Law}, url={https://chem.libretexts.org/Bookshelves/Physical_and_Theoretical_Chemistry_Textbook_Maps/Supplemental_Modules_(Physical_and_Theoretical_Chemistry)/Thermodynamics/Thermodynamic_Cycles/Hesss_Law}, journal={Chemistry LibreTexts}, publisher={Libretexts}, year={2020}, month={Aug}}

@misc{the_fact_factor_2020, title={Hess's Law: Statement, explanation, applications and problems}, url={https://thefactfactor.com/facts/pure_science/chemistry/physical-chemistry/hesss-law-and-its-applications/6881/}, journal={The Fact Factor}, year={2020}, month={Jan}}
